<?xml version="1.0" encoding="UTF-8"?><record xmlns="http://www.loc.gov/MARC21/slim" xmlns:cinclude="http://apache.org/cocoon/include/1.0" xmlns:zs="http://www.loc.gov/zing/srw/">
  <leader>00609cz  a2200157n  4500</leader>
  <controlfield tag="001">no2009036329</controlfield>
  <controlfield tag="003">DLC</controlfield>
  <controlfield tag="005">20090312081602.0</controlfield>
  <controlfield tag="008">090309n| acannaabn          |b aaa     c</controlfield>
  <datafield tag="010" ind1=" " ind2=" ">
    <subfield code="a">no2009036329</subfield>
  </datafield>
  <datafield tag="035" ind1=" " ind2=" ">
    <subfield code="a">(OCoLC)oca08038303</subfield>
  </datafield>
  <datafield tag="040" ind1=" " ind2=" ">
    <subfield code="a">AzTeS</subfield>
    <subfield code="b">eng</subfield>
    <subfield code="c">AzTeS</subfield>
    <subfield code="d">DLC</subfield>
  </datafield>
  <datafield tag="100" ind1="1" ind2=" ">
    <subfield code="a">Zhou, Ming'an,</subfield>
    <subfield code="d">1949-</subfield>
  </datafield>
  <datafield tag="400" ind1="1" ind2=" ">
    <subfield code="a">周明安,</subfield>
    <subfield code="d">1949-</subfield>
  </datafield>
  <datafield tag="667" ind1=" " ind2=" ">
    <subfield code="a">Non-Latin script reference not evaluated.</subfield>
  </datafield>
  <datafield tag="670" ind1=" " ind2=" ">
    <subfield code="a">Zhou Ming'an : bai hu tu juan, 2006:</subfield>
    <subfield code="b">t.p. (周明安 = Zhou Ming'an) pref. (b. 1949 in Guangzhou; native of Hequ, Shanxi Sheng; memb., Sichuan Sheng mei shu jia xie hui, Sichuan Sheng shu fa jia xie hui, etc.)</subfield>
  </datafield>
</record>